@manual{ahci_1.3,
	title		= "Serial ATA Advanced Host Controller Interface (AHCI) 1.3",
	organization	= "Intel Corp.",
	edition		= "",
	month		= "06",
	year		= "2008",
	note		= "\url{http://download.intel.com/technology/serialata/pdf/rev1_3.pdf}"
}

@manual{sata_2.6,
	title		= "Serial ATA Revision 2.6",
	organization	= "SATA-IO",
	edition		= "",
	month		= "02",
	year		= "2007",
	note		= "\url{https://www.sata-io.org/developers/purchase_spec.asp}"
}

@manual{optiplex_755,
	title		= "Optiplex 755 Technical Specification",
	organization	= "DELL",
	edition		= "1.0",
	month		= "01",
	year		= "2008",
	note		= "\url{http://www.dell.com/downloads/global/products/optix/en/opti_755_techspecs.pdf}"
}

@manual{wd_caviar_green,
	title		= "Caviar Green Series Specifications",
	organization	= "Western Digital",
	edition		= "",
	month		= "05",
	year		= "2005",
	note		= "\url{http://www.wdc.com/wdproducts/library/SpecSheet/ENG/2879-701229.pdf}"
}

@manual{seagate_barracuda,
	title		= "Barracuda 7200.10 Product Manual",
	organization	= "Seagate",
	edition		= "",
	month		= "12",
	year		= "2007",
	note		= "\url{http://www.seagate.com/staticfiles/support/disc/manuals/desktop/Barracuda\%207200.10/100402371k.pdf}"
}
